@MANUAL{Finex,
    title = "Bitcoin (BTC) – Kurz, graf ceny, těžba, peněženka, nákup.",
    organization = "Finex",
    url = "https://finex.cz/kryptomena/bitcoin/",
    note = "[cit. 2019-11-29]",
}

@MANUAL{Finex_blockchain,
    title = "Blockchain – Co je blockchain a jak funguje?",
    organization = "Finex",
    url = "https://finex.cz/blockchain/",
    note = "[cit. 2020-02-04]",
}

@ARTICLE {BudoucnostFinTrhu,
    title  = "Kryptoměny a budoucnost finančních trhů",
    author = "Jan Škapa",
    howpublished = "[online]",
    year   = "2017",
    note = "[cit. 2019-11-29]",
    publisher = "Vysoké učení technické v Brně",
    url    = "https://www.vutbr.cz/www_base/zav_prace_soubor_verejne.php?file_id=144519"
}

@ARTICLE {BinanceApi,
    title  = "Binance api  - todo",
    author = "Jan Škapa",
    howpublished = "[online]",
    year   = "2017",
    note = "[cit. 2020-03-30]",
    publisher = "Vysoké učení technické v Brně",
    url    = "https://github.com/binance-exchange/binance-official-api-docs/blob/master/rest-api.md"
}

@ARTICLE {Bitcoin_how_it_works,
    title  = "How does Bitcoin work?  - todo",
    author = "Jan Škapa",
    howpublished = "[online]",
    year   = "2017",
    note = "[cit. 2020-04-02]",
    publisher = "Vysoké učení technické v Brně",
    url    = "https://bitcoin.org/en/how-it-works"
}

@ARTICLE {altcoin,
    title  = "Alcoin  - todo",
    author = "Jan Škapa",
    howpublished = "[online]",
    year   = "2017",
    note = "[cit. 2020-03-30]",
    publisher = "Vysoké učení technické v Brně",
    url    = "https://whatis.techtarget.com/definition/altcoin"
}

@ARTICLE {coinmarketcap,
    title  = "CoinMarketCap - todo",
    author = "Jan Škapa",
    howpublished = "[online]",
    year   = "2017",
    note = "[cit. 2020-03-30]",
    publisher = "Vysoké učení technické v Brně",
    url    = "https://coinmarketcap.com/rankings/exchanges/reported/"
}

@ARTICLE {coin360,
    title  = "Coin360 - todo",
    author = "Jan Škapa",
    howpublished = "[online]",
    year   = "2017",
    note = "[cit. 2020-03-30]",
    publisher = "Vysoké učení technické v Brně",
    url    = "https://coin360.com/exchange/coinmate"
}

@ARTICLE {Capital,
    title  = "Capital - todo",
    author = "Jan Škapa",
    howpublished = "[online]",
    year   = "2017",
    note = "[cit. 2020-03-30]",
    publisher = "Vysoké učení technické v Brně",
    url    = "https://capital.com/cs/arbitraz-definice"
}

@ARTICLE {Capital_menovy_par,
    title  = "Měnový pár - todo",
    author = "Jan Škapa",
    howpublished = "[online]",
    year   = "2017",
    note = "[cit. 2020-03-30]",
    publisher = "Vysoké učení technické v Brně",
    url    = "https://capital.com/cs/menovy-par-definice"
}

@ARTICLE {CZInvestor,
    title  = "CZInvestor - todo",
    author = "Jan Škapa",
    howpublished = "[online]",
    year   = "2017",
    note = "[cit. 2020-03-30]",
    publisher = "Vysoké učení technické v Brně",
    url    = "http://czinvestor.cz/forex/kryptomeny/arbitraze-kryptomenach-daji-se-nimi-vydelavat-penize"
}

@ARTICLE {TowardsDataScience,
    title  = "TowardsDataScience - todo",
    author = "Jan Škapa",
    howpublished = "[online]",
    year   = "2017",
    note = "[cit. 2020-03-30]",
    publisher = "Vysoké učení technické v Brně",
    url    = "https://towardsdatascience.com/cryptocurrency-arbitrage-how-to-profit-from-it-e2d7bf805fde"
}

@ARTICLE {TradingStrategy,
    title  = "Cryptocurrency Arbitrage: A Lucrative Trading Strategy - todo",
    author = "Jan Škapa",
    howpublished = "[online]",
    year   = "2017",
    note = "[cit. 2020-03-30]",
    publisher = "Vysoké učení technické v Brně",
    url    = "https://blog.shrimpy.io/blog/cryptocurrency-arbitrage-a-lucrative-trading-strategy"
}

@ARTICLE {litecoin,
    title  = "Litecoin  - todo",
    author = "Jan Škapa",
    howpublished = "[online]",
    year   = "2017",
    note = "[cit. 2020-03-30]",
    publisher = "Vysoké učení technické v Brně",
    url    = "https://www.zive.cz/clanky/co-je-to-litecoin/sc-3-a-190910/default.aspx"
}

@ARTICLE {btc_vs_eth,
    title  = "BITCOIN VS ETHEREUM: DIFFERENCES, ADVANTAGES AND DISADVANTAGES – WHICH IS BETTER?  - todo",
    author = "Jan Škapa",
    howpublished = "[online]",
    year   = "2017",
    note = "[cit. 2020-03-30]",
    publisher = "Vysoké učení technické v Brně",
    url    = "https://bitcoinist.com/bitcoin-vs-ethereum/"
}

@ARTICLE {ethereum,
    title  = "Co je to Ethereum ?  - todo",
    author = "Jan Škapa",
    howpublished = "[online]",
    year   = "2017",
    note = "[cit. 2020-03-30]",
    publisher = "Vysoké učení technické v Brně",
    url    = "https://www.virtualproperty.cz/detail-clanku/co-je-to-ethereum-\%3F/"
}

@ARTICLE {efektivita_trhu,
    title  = "Efektivita trhu  - todo",
    author = "Jan Škapa",
    howpublished = "[online]",
    year   = "2017",
    note = "[cit. 2020-04-03]",
    publisher = "Vysoké učení technické v Brně",
    url    = "https://www.itbiz.cz/slovnik/ekonomie/efektivita-trhu"
}

@ARTICLE {finder,
    title  = "The straightforward guide to cryptocurrency arbitrage  - todo",
    author = "Jan Škapa",
    howpublished = "[online]",
    year   = "2017",
    note = "[cit. 2020-04-03]",
    publisher = "Vysoké učení technické v Brně",
    url    = "https://www.finder.com/ca/cryptocurrency-arbitrage/"
}

@ARTICLE {what_is_arbitage,
    title  = "What Is Arbitrage?  - todo",
    author = "Jan Škapa",
    howpublished = "[online]",
    year   = "2017",
    note = "[cit. 2020-04-03]",
    publisher = "Vysoké učení technické v Brně",
    url    = "https://www.investopedia.com/ask/answers/what-is-arbitrage/"
}

@ARTICLE {alza_monero,
    title  = "Monero (VŠE, CO CHCETE VĚDĚT) – Kryptoměna, která nabízí úplnou anonymitu  - todo.
  - todo",
    author = "Jan Škapa",
    howpublished = "[online]",
    year   = "2017",
    note = "[cit. 2020-04-04]",
    publisher = "Vysoké učení technické v Brně",
    url    = "https://www.alza.cz/monero"
}

@ARTICLE {alza_ripple,
    title  = "Ripple (VŠE, CO CHCETE VĚDĚT) - todo.
  - todo",
    author = "Jan Škapa",
    howpublished = "[online]",
    year   = "2017",
    note = "[cit. 2020-04-04]",
    publisher = "Vysoké učení technické v Brně",
    url    = "https://www.alza.cz/monero"
}

@ARTICLE {coincodex_ripple,
    title  = "Why Is Ripple So Much Faster than Bitcoin? - todo",
    author = "Jan Škapa",
    howpublished = "[online]",
    year   = "2017",
    note = "[cit. 2020-04-04]",
    publisher = "Vysoké učení technické v Brně",
    url    = "https://coincodex.com/article/3365/why-is-ripple-so-much-faster-than-bitcoin/"
}

@ARTICLE {binance_markets,
    title  = "Binance exchange market - todo.
  - todo",
    author = "Jan Škapa",
    howpublished = "[online]",
    year   = "2017",
    note = "[cit. 2020-04-04]",
    publisher = "Vysoké učení technické v Brně",
    url    = "https://www.binance.com/en/markets"
}

@ARTICLE {bitinfocharts,
    title  = "XRP Avg. Transaction Fee historical chart - todo",
    author = "Jan Škapa",
    howpublished = "[online]",
    year   = "2017",
    note = "[cit. 2020-04-04]",
    publisher = "Vysoké učení technické v Brně",
    url    = "https://bitinfocharts.com/comparison/xrp-transactionfees.html\#1y"
}

@ARTICLE {kurzy_bch,
    title  = "Bitcoin Cash - BCH/Bitcoin Cash kurz - todo",
    author = "Jan Škapa",
    howpublished = "[online]",
    year   = "2017",
    note = "[cit. 2020-04-04]",
    publisher = "Vysoké učení technické v Brně",
    url    = "https://www.kurzy.cz/kryptomeny/bitcoin-cash/"
}

@ARTICLE {finex_eos,
    title  = "EOS (EOS) – Kurz, graf ceny, kde koupit - todo",
    author = "Jan Škapa",
    howpublished = "[online]",
    year   = "2017",
    note = "[cit. 2020-04-04]",
    publisher = "Vysoké učení technické v Brně",
    url    = "https://www.martinsistek.cz/binance-coin/"
}

@ARTICLE {finex_trx,
    title  = "TRON (TRX) – Kurz, graf ceny, kde koupit kryptoměnu - todo",
    author = "Jan Škapa",
    howpublished = "[online]",
    year   = "2017",
    note = "[cit. 2020-04-04]",
    publisher = "Vysoké učení technické v Brně",
    url    = "https://finex.cz/kryptomena/tron/"
}

@ARTICLE {martin_sistek_bnb,
    title  = "Binance coin (BNB) - todo",
    author = "Jan Škapa",
    howpublished = "[online]",
    year   = "2017",
    note = "[cit. 2020-04-04]",
    publisher = "Vysoké učení technické v Brně",
    url    = "https://finex.cz/kryptomena/eos/"
}

@ARTICLE {mlady_investor_stable_coin,
    title  = "Stable coin – token stálé hodnoty - todo",
    author = "Jan Škapa",
    howpublished = "[online]",
    year   = "2017",
    note = "[cit. 2020-04-04]",
    publisher = "Vysoké učení technické v Brně",
    url    = "https://mladyinvestor.cz/stable-coin-token/"
}

@ARTICLE {coinmate_fees,
    title  = "Coinmate - Agregated trading fees - todo",
    author = "Jan Škapa",
    howpublished = "[online]",
    year   = "2017",
    note = "[cit. 2020-04-06]",
    publisher = "Vysoké učení technické v Brně",
    url    = "https://coinmate.io/fees"
}

@ARTICLE {cryptowisser_coinmate,
    title  = "EXCHANGE REVIEW CoinMate - todo",
    author = "Jan Škapa",
    howpublished = "[online]",
    year   = "2017",
    note = "[cit. 2020-04-06]",
    publisher = "Vysoké učení technické v Brně",
    url    = "https://www.cryptowisser.com/exchange/coinmate/"
}

@ARTICLE {binance_fees,
    title  = "Fee Schedule - todo",
    author = "Jan Škapa",
    howpublished = "[online]",
    year   = "2017",
    note = "[cit. 2020-04-06]",
    publisher = "Vysoké učení technické v Brně",
    url    = "https://www.binance.com/en/fee/deposit"
}

@ARTICLE {blockonomi_binance,
    title  = "Binance Review: The World’s Leading Cryptocurrency Exchange? - todo",
    author = "Jan Škapa",
    howpublished = "[online]",
    year   = "2017",
    note = "[cit. 2020-04-06]",
    publisher = "Vysoké učení technické v Brně",
    url    = "https://blockonomi.com/binance-review/"
}

@ARTICLE {mxc_coins,
    title  = "Exchange spot > MXC - todo",
    author = "Jan Škapa",
    howpublished = "[online]",
    year   = "2017",
    note = "[cit. 2020-04-06]",
    publisher = "Vysoké učení technické v Brně",
    url    = "https://www.coingecko.com/en/exchanges/mxc"
}

@ARTICLE {mxc_fees,
    title  = "Fees - todo",
    author = "Jan Škapa",
    howpublished = "[online]",
    year   = "2017",
    note = "[cit. 2020-04-06]",
    publisher = "Vysoké učení technické v Brně",
    url    = "https://www.mxct.top/info/fee"
}

@ARTICLE {cryptowisser_mxc,
    title  = "EXCHANGE REVIEW MXC - todo",
    author = "Jan Škapa",
    howpublished = "[online]",
    year   = "2017",
    note = "[cit. 2020-04-06]",
    publisher = "Vysoké učení technické v Brně",
    url    = "https://www.cryptowisser.com/exchange/mxc/"
}

@ARTICLE {bitforex_fees,
    title  = "Withdrawal Fees - todo",
    author = "Jan Škapa",
    howpublished = "[online]",
    year   = "2017",
    note = "[cit. 2020-04-07]",
    publisher = "Vysoké učení technické v Brně",
    url    = "https://www.bitforex.com/en/Fees"
}

@ARTICLE {cryptowisser_bitforex,
    title  = "EXCHANGE REVIEW BitForex - todo",
    author = "Jan Škapa",
    howpublished = "[online]",
    year   = "2017",
    note = "[cit. 2020-04-07]",
    publisher = "Vysoké učení technické v Brně",
    url    = "https://www.cryptowisser.com/exchange/bitforex/"
}

@ARTICLE {cryptowisser_lbank,
    title  = "EXCHANGE REVIEW BitForex - todo",
    author = "Jan Škapa",
    howpublished = "[online]",
    year   = "2017",
    note = "[cit. 2020-04-07]",
    publisher = "Vysoké učení technické v Brně",
    url    = "https://www.cryptowisser.com/exchange/lbank/"
}
% ---------------------------------------------------------------------
@MANUAL{svgspec,
    title = "Scalable Vector Graphics (SVG) 1.1 Specification {[online]}",
    organization = "WWW Consorcium",
    url = "http://www.w3.org/TR/2003/REC-SVG11-20030114/",
    note = "[cit. 2011-07-07]",
    key = "svg"
}



@INBOOK{kobltypo,
	title = "Praktick{\' a} typografie",
	author = "Pavel Ko{\v c}i{\v c}ka and Filip Bla{\v z}ek",
	publisher = "Brno: Computer Press",
	year = "2004"
}

@BOOK{rybicka,
	title = "LaTeX pro za\v c\'ate\v cn\'\i{}ky",
	author = "Ji{\v r}{\' i} Rybi{\v c}ka",
	isbn = "80-7302-049-1",
	publisher = "Brno: Konvoj",
	edition = "3"
}

@MANUAL{iso690,
	organization = "\'U\v rad pro technickou normalizaci, metrologii a st\'atn\'\i{} zku\v sebnictv\'\i{}",
	title = "\v CSN ISO 690 Informace a dokumentace -- Pravidla pro bibliografick\'e odkazy a citace informa\v cn\'\i{}ch zdroj{\r u}",
	year = "2011"
}


@ARTICLE {sitova-karta-s-fpga-xilinx,
    title  = "Síťová karta s FPGA Xilinx pro 1 a 10GbE",
    journal = "V: Pandatron - elektrotechnický magazín {[online]}",
    howpublished = "[online]",
    month  = "červen",
    year   = "2013",
    note = "[cit. 2015-10-31]",
    url    = "http://pandatron.cz/?2939&sitova_karta_s_fpga_xilinx_pro_1_a_10gbe"
}