@misc{Finex,
  title = {Bitcoin (BTC) – Kurz, graf ceny, těžba, peněženka, nákup.},
  publisher = {Magazín Finex},
  date = {2017},
  url = {https://finex.cz/kryptomena/bitcoin/},
  urldate = {2019-11-23}
}

@misc{Finex_blockchain,
  title = {Blockchain – Co je blockchain a jak funguje?},
  publisher = {Magazín Finex},
  date = {2018-27-11},
  url = {https://finex.cz/blockchain/},
  urldate = {2020-02-04}
}

@thesis{pecev,
    author = {Pečev, Adam},
    title = {Cryptocurrencies Exchange Rates Reporting Tool},
    date = {2019},
    type = {Diplomová práce},
    institution = {České vysoké učení technické v Praze, Fakulta informačních technologií},
    location = {Praha},
    supervisor = {Štěpán Starosta},
    url = {https://dspace.cvut.cz/bitstream/handle/10467/82697/F8-DP-2019-Pecev-Adam-thesis.pdf},
    urldate = {2020-04-13}
}

@thesis{efektivnost_trhu,
    author = {Zeman, Petr},
    title = {Efektivnost trhu a automatické obchodní systémy},
    date = {2013},
    type = {Disertační práce},
    institution = {Jihočeská univerzita v Českých Budějovicích, Ekonomická fakulta},
    location = {České Budějovice},
    supervisor = {Milan Jílek},
    url = {https://theses.cz/id/fuzrn6/Disertan_prce.pdf},
    urldate = {2020-05-13}
}

@ARTICLE {RPCA,
    title  = "The Ripple Protocol Consensus Algorithm",
    author = "Schwartz, David and Britto, Arthur and Youngs, Noah",
    % howpublished = "[online]",
    date = "2018-02-20",
    urldate = {2020-05-13},
    url = "https://ripple.com/files/ripple_consensus_whitepaper.pdf"
}

@thesis{BudoucnostFinTrhu,
    author = {Škapa, Jan},
    title = {Kryptoměny a budoucnost finančních trhů},
    date = {2017},
    type = {Diplomová práce},
    institution = {Vysoké učení technické v Brně, Fakulta podnikatelská},
    location = {Brno},
    supervisor = {Jan Budík},
    url = {https://www.vutbr.cz/www_base/zav_prace_soubor_verejne.php?file_id=144519},
    urldate = {2020-04-13}
}

@misc{BinanceApi,
    title = {Public Rest API for Binance (2020-04-25)},
    publisher = {GitHub Inc.},
    % howpublished = {\emph{GitHub} [online].},
    date = {2020},
    URL = {https://github.com/binance-exchange/binance-official-api-docs/blob/master/rest-api.md},
    urldate = {2020-04-26}
}

@misc{LBankApi,
    title = {GitHub -- LBank-exchange/lbank-official-api-docs},
    publisher = {GitHub Inc.},
    date = {2020},
    URL = {https://github.com/LBank-exchange/lbank-official-api-docs},
    urldate = {2020-04-26}
}

@misc{MXCApi,
    title = {Web Socket API for MXC (2019-06-25)},
    publisher = {GitHub Inc.},
    date = {2019-06-25},
    URL = {https://github.com/mxcdevelop/APIDoc/blob/master/websocket/websocket-api.md},
    urldate = {2020-04-26}
}

@misc{CoinMateApi,
    title = {CoinMate.io Trading Portal API},
    publisher = {Apiary},
    date = {2020},
    URL = {https://coinmate.docs.apiary.io/},
    urldate = {2020-04-26}
}

@misc{BitForexApi,
    title = {Bitforex-aio 1.0.2},
    publisher = {PyPi},
    date = {2020-03-31},
    URL = {https://pypi.org/project/bitforex-aio/},
    urldate = {2020-04-26}
}

@misc{Bitcoin_how_it_works,
    title = {How does Bitcoin work?},
    publisher = {Bitcoin org.},
    % howpublished = {\emph{Bitcoin} [online].},
    date = {2020},
    URL = {https://bitcoin.org/en/how-it-works},
    urldate = {2020-04-02}
}

@misc{altcoin,
    author = {Margaret Rouse},
    title = {Altcoin},
    publisher = {WhatIs},
    % howpublished = {\emph{WhatIs} [online].},
    date = {2017},
    URL = {https://whatis.techtarget.com/definition/altcoin},
    urldate = {2020-03-30}
}

@misc{coinmarketcap,
    title = {Top 100 Cryptocurrency Exchanges by Trade Volume},
    publisher = {CoinMarketCap},
    % howpublished = {\emph{CoinMarketCap} [online].},
    date = {2020},
    URL = {https://coinmarketcap.com/rankings/exchanges/reported/},
    urldate = {2020-03-30}
}

@misc{coin360,
    title = {CoinMate exchange: fees, colume, charts and market trading},
    publisher = {Coin360},
    % howpublished = {\emph{Coin360} [online].},
    date = {2020},
    URL = {https://coin360.com/exchange/coinmate},
    urldate = {2020-03-30}
}

@misc{Capital,
    title = {Arbitráž},
    publisher = {Capital},
    % howpublished = {\emph{Capital} [online].},
    date = {2020},
    URL = {https://capital.com/cs/arbitraz-definice},
    urldate = {2020-03-30}
}
@misc{Capital_menovy_par,
    title = {Měnový pár},
    publisher = {Capital},
    % howpublished = {\emph{Capital} [online].},
    date = {2020},
    URL = {https://capital.com/cs/menovy-par-definice},
    urldate = {2020-03-30}
}

@misc{CZInvestor,
    title = {Arbitráže na kryptoměnách – dají se s nimi vydělávat peníze?},
    publisher = {CZInvestor},
    % howpublished = {\emph{CZInvestor} [online].},
    date = {2017-09-27},
    URL = {http://czinvestor.cz/forex/kryptomeny/arbitraze-kryptomenach-daji-se-nimi-vydelavat-penize},
    urldate = {2020-03-30}
}

@misc{TowardsDataScience,
    author = {Sánchez, Luis Miguel},
    journal = {Towards Data Science},
    title = {Data Science and Cryptocurrency arbitrage: How to profit from it},
    publisher = {Towards Data Science},
    % howpublished = {\emph{Towards Data Science} [online].},
    date = {2018-05-07},
    URL = {https://towardsdatascience.com/cryptocurrency-arbitrage-how-to-profit-from-it-e2d7bf805fde},
    urldate = {2020-03-30}
}

@misc{TradingStrategy,
    title = {Cryptocurrency Arbitrage: A Lucrative Trading Strategy},
    publisher = {Schrimpy},
    % howpublished = {\emph{Schrimpy} [online].},
    date = {2019-08-29},
    URL = {https://blog.shrimpy.io/blog/cryptocurrency-arbitrage-a-lucrative-trading-strategy},
    urldate = {2020-03-30}
}

@misc{litecoin,
    author = {Malý, Vojtěch},
    title = {Co je to litecoin},
    publisher = {Živě},
    date = {2017-12-12},
    URL = {https://www.zive.cz/clanky/co-je-to-litecoin/sc-3-a-190910/default.aspx},
    urldate = {2020-03-30}
}

@misc{btc_vs_eth,
    journal = {Bitcoinist},
    title = {BITCOIN VS ETHEREUM: DIFFERENCES, ADVANTAGES AND DISADVANTAGES – WHICH IS BETTER?},
    publisher = {Bitcoinist},
    % howpublished = {\emph{Bitcoinist} [online].},
    date = {2017},
    URL = {https://bitcoinist.com/bitcoin-vs-ethereum/},
    urldate = {2020-03-30}
}

@misc{ethereum,
    journal = {Virtual Property},
    title = {Co je to Ethereum?},
    publisher = {Virtual Property},
    % howpublished = {\emph{Virtual Property} [online].},
    date = {2018-03-03},
    % month = {3.~3.},
    URL = {https://www.virtualproperty.cz/detail-clanku/co-je-to-ethereum-\%3F/},
    urldate = {2020-03-30}
}

@misc{efektivita_trhu,
    title = {Efektivita trhu},
    publisher = {ITBIZ},
    % howpublished = {\emph{ITBIZ} [online].},
    date = {2015-03-07},
    URL = {https://www.itbiz.cz/slovnik/ekonomie/efektivita-trhu},
    urldate = {2020-04-03}
}

@misc{finder,
    author = {Falk, Tim},
    title = {The straightforward guide to cryptocurrency arbitrage},
    publisher = {Finder},
    % howpublished = {\emph{Finder} [online].},
    date = {2019-07-31},
    URL = {https://www.finder.com/ca/cryptocurrency-arbitrage},
    urldate = {2020-04-03}
}

@misc{what_is_arbitage,
    author = {LIOUDIS, NICK K. },
    title = {What Is Arbitrage?},
    publisher = {Investopedia},
    % howpublished = {\emph{Investopedia} [online].},
    date = {2019-09-09},
    URL = {https://www.investopedia.com/ask/answers/what-is-arbitrage/},
    urldate = {2020-04-03}
}

@misc{alza_monero,
    author = {Galvánek, Matej},
    title = {Monero (VŠE, CO CHCETE VĚDĚT) – Kryptoměna, která nabízí úplnou anonymitu},
    publisher = {Alza},
    date = {2018-10-05},
    URL = {https://www.alza.cz/monero},
    urldate = {2020-04-04}
}

@misc{alza_ripple,
    journal = {Alza},
    title = {Ripple (VŠE, CO CHCETE VĚDĚT).},
    publisher = {Alza},
    % howpublished = {\emph{Alza} [online].},
    date = {2020-03-04},
    URL = {https://www.alza.cz/ripple-xrp},
    urldate = {2020-04-04}
}

@misc{coincodex_ripple,
    author = {Bold, David},
    % journal = {Coincodex},
    title = {Why Is Ripple So Much Faster than Bitcoin?},
    publisher = {Coincodex},
    % howpublished = {\emph{Coincodex} [online].},
    date = {2019-06-04},
    URL = {https://coincodex.com/article/3365/why-is-ripple-so-much-faster-than-bitcoin/},
    urldate = {2020-04-04}
}

@misc{binance_markets,
    title = {Binance exchange market},
    publisher = {Binance},
    % howpublished = {\emph{Binance} [online].},
    date = {2020},
    URL = {https://www.binance.com/en/markets},
    urldate = {2020-04-04}
}

@misc{bitinfocharts,
    title = {XRP Avg. Transaction Fee historical chart},
    publisher = {bitinfocharts},
    % howpublished = {\emph{bitinfocharts} [online].},
    date = {2020},
    URL = {https://bitinfocharts.com/comparison/xrp-transactionfees.html\#1y},
    urldate = {2020-04-04}
}

@misc{kurzy_bch,
    title = {Bitcoin Cash - BCH/Bitcoin Cash kurz.},
    publisher = {kurzycz},
    % howpublished = {\emph{kurzycz} [online].},
    date = {2020},
    URL = {https://www.kurzy.cz/kryptomeny/bitcoin-cash/},
    urldate = {2020-04-04}
}

@misc{finex_eos,
    title = {EOS (EOS) – Kurz, graf ceny, kde koupit.},
    publisher = {Finex},
    % howpublished = {\emph{Finex} [online].},
    date = {2020},
    URL = {https://finex.cz/kryptomena/eos/},
    urldate = {2020-04-04}
}

@misc{finex_trx,
    title = {TRON (TRX) – Kurz, graf ceny, kde koupit kryptoměnu.},
    publisher = {Finex},
    % howpublished = {\emph{Finex} [online].},
    date = {2020},
    URL = {https://finex.cz/kryptomena/tron/},
    urldate = {2020-04-04}
}

@misc{martin_sistek_bnb,
    author = {Šístek, Martin},
    title = {Binance coin (BNB).},
    % publisher = {Martin Šístek},
    % howpublished = {\emph{Martin Šístek} [online].},
    date = {2020},
    URL = {https://www.martinsistek.cz/binance-coin/},
    urldate = {2020-04-04}
}

@misc{mlady_investor_stable_coin,
    % author = {Martin Šístek},
    title = {Stable coin – token stálé hodnoty},
    publisher = {Mladý Investor},
    % howpublished = {\emph{Mladý Investor} [online].},
    date = {2019-07-18},
    URL = {https://mladyinvestor.cz/stable-coin-token/},
    urldate = {2020-05-02}
}

@misc{coinmate_fees,
    title = {Coinmate - Agregated trading fees},
    publisher = {Coinmate},
    % howpublished = {\emph{Coinmate} [online].},
    date = {2020},
    URL = {https://coinmate.io/fees},
    urldate = {2020-04-06}
}

@misc{cryptowisser_coinmate,
    title = {EXCHANGE REVIEW CoinMate},
    publisher = {Crypto Wisser},
    % howpublished = {\emph{Crypto Wisser} [online].},
    date = {2020},
    URL = {https://www.cryptowisser.com/exchange/coinmate/},
    urldate = {2020-04-06}
}

@misc{binance_fees,
    title = {Fee Schedule.},
    publisher = {Binance},
    % howpublished = {\emph{Binance} [online].},
    date = {2020},
    URL = {https://www.binance.com/en/fee/deposit},
    urldate = {2020-04-06}
}

@misc{blockonomi_binance,
    author = {Dob, Daniel},
    title = {Binance Review: The World’s Leading Cryptocurrency Exchange?},
    publisher = {Blockonomi},
    % howpublished = {\emph{Blockonomi} [online].},
    date = {2020-05-05},
    URL = {https://blockonomi.com/binance-review/},
    urldate = {2020-04-06}
}

@misc{mxc_coins,
    title = {Exchange spot > MXC},
    publisher = {CoinGecko},
    % howpublished = {\emph{CoinGecko} [online].},
    date = {2020},
    URL = {https://www.coingecko.com/en/exchanges/mxc},
    urldate = {2020-04-06}
}

@misc{mxc_fees,
    title = {Fees - MXC - Bitcoin, Litecoin and Ethereum Exchange and Margin.},
    publisher = {MXC},
    % howpublished = {\emph{MXC} [online].},
    date = {2020},
    URL = {https://www.mxct.top/info/fee},
    urldate = {2020-04-06}
}

@misc{cryptowisser_mxc,
    title = {EXCHANGE REVIEW MXC.},
    publisher = {Crypto Wisser},
    % howpublished = {\emph{Crypto Wisser} [online].},
    date = {2020},
    URL = {https://www.cryptowisser.com/exchange/mxc/},
    urldate = {2020-04-06}
}

@misc{bitforex_fees,
    title = {Withdrawal Fees.},
    publisher = {BitForex},
    % howpublished = {\emph{BitForex} [online].},
    date = {2020},
    URL = {https://www.bitforex.com/en/Fees},
    urldate = {2020-04-07}
}

@misc{cryptowisser_bitforex,
    title = {EXCHANGE REVIEW BitForex.},
    publisher = {Crypto Wisser},
    % howpublished = {\emph{Crypto Wisser} [online].},
    date = {2020},
    URL = {https://www.cryptowisser.com/exchange/bitforex/},
    urldate = {2020-04-07}
}

@misc{cryptowisser_lbank,
    title = {EXCHANGE REVIEW LBank.},
    publisher = {Crypto Wisser},
    % howpublished = {\emph{Crypto Wisser} [online].},
    date = {2020},
    URL = {https://www.cryptowisser.com/exchange/lbank},
    urldate = {2020-04-07}
}

@misc{investopedia_forex_arbitrage,
    author = {Chen, James},
    title = {Currency Arbitrage},
    publisher = {Investopedia},
    % howpublished = {\emph{Investopedia} [online].},
    date = {2020-04-30},
    URL = {https://www.investopedia.com/terms/c/currency-arbitrage.asp},
    urldate = {2020-05-07}
}

@BOOK{mastering_bitcoin,
    author = {Antonopoulos, Andreas M.},
    publisher = {O’Reilly Media, Inc., 1005 Gravenstein Highway North, Sebastopol, CA 95472},
    title = {Mastering Bitcoin},
    isbn = {978-1-449-37404-4},
    date = {2015},
    urldate = {2020-05-11},
    URL = {https://unglueit-files.s3.amazonaws.com/ebf/05db7df4f31840f0a873d6ea14dcc28d.pdf},
}

@misc{coinmate_blog,
    title = {FIAT payment options re-establishment.},
    publisher = {Crypto Wisser},
    % howpublished = {\emph{Coinmate} [online].},
    date = {2020-07-05},
    URL = {https://www.cryptowisser.com/exchange/lbank/},
    urldate = {2020-05-13}
}






% ---------------------------------------------------------------------
@MANUAL{svgspec,
    title = "Scalable Vector Graphics (SVG) 1.1 Specification {[online]}",
    organization = "WWW Consorcium",
    url = "http://www.w3.org/TR/2003/REC-SVG11-20030114/",
    note = "[cit. 2011-07-07]",
    key = "svg"
}



@INBOOK{kobltypo,
	title = "Praktick{\' a} typografie",
	author = "Pavel Ko{\v c}i{\v c}ka and Filip Bla{\v z}ek",
	publisher = "Brno: Computer Press",
	year = "2004"
}

@BOOK{rybicka,
	title = "LaTeX pro za\v c\'ate\v cn\'\i{}ky",
	author = "Ji{\v r}{\' i} Rybi{\v c}ka",
	isbn = "80-7302-049-1",
	publisher = "Brno: Konvoj",
	edition = "3"
}

@MANUAL{iso690,
	organization = "\'U\v rad pro technickou normalizaci, metrologii a st\'atn\'\i{} zku\v sebnictv\'\i{}",
	title = "\v CSN ISO 690 Informace a dokumentace -- Pravidla pro bibliografick\'e odkazy a citace informa\v cn\'\i{}ch zdroj{\r u}",
	year = "2011"
}


@ARTICLE {sitova-karta-s-fpga-xilinx,
    title  = "Síťová karta s FPGA Xilinx pro 1 a 10GbE",
    journal = "V: Pandatron - elektrotechnický magazín {[online]}",
    howpublished = "[online]",
    month  = "6.",
    year   = "2013",
    note = "[cit. 2015-10-31]",
    url    = "http://pandatron.cz/?2939&sitova_karta_s_fpga_xilinx_pro_1_a_10gbe"
}